{
  "Years": [
    "1992-06",
    "1993-06",
    "1994-06",
    "1995-06",
    "1996-06",
    "1997-06",
    "1998-06",
    "1999-06",
    "2000-06",
    "2001-06",
    "2002-06",
    "2003-06",
    "2004-06",
    "2005-06",
    "2006-06",
    "2007-06",
    "2008-06",
    "2009-06",
    "2010-06",
    "2011-06",
    "2012-06",
    "2013-06",
    "2014-06",
    "2015-06",
    "2016-06",
    "2017-06",
    "2018-06",
    "2019-06",
    "2020-06",
    "2021-06",
    "TTM"
  ],
  "Revenue": [
    1940.6,
    2223.4,
    2469.0,
    2893.7,
    3566.6,
    4193.4,
    4926.0,
    5540.1,
    5938.916,
    7017.57,
    7004.263,
    7147.017,
    7279.4,
    6131.3,
    6835.6,
    7800.0,
    8776.5,
    8838.4,
    8384.9,
    9292.9,
    10102.1,
    9021.6,
    9853.0,
    10560.8,
    11290.5,
    11974.6,
    12807.7,
    13548.3,
    14044.6,
    14583.0,
    15679.4
  ],
  "Net Income": [
    256.2,
    294.2,
    329.3,
    394.8,
    454.7,
    515.2,
    608.3,
    696.8,
    840.8,
    924.72,
    1100.77,
    1018.15,
    935.6,
    1055.4,
    1554.0,
    1138.7,
    1235.7,
    1332.6,
    1211.4,
    1254.2,
    1388.5,
    1405.8,
    1515.9,
    1452.5,
    1492.5,
    1787.8,
    1884.9,
    2292.8,
    2466.5,
    2598.5,
    2861.6
  ]
}