{
  "Years": [
    "1993-01",
    "1994-01",
    "1995-01",
    "1996-01",
    "1997-01",
    "1998-01",
    "1999-01",
    "2000-01",
    "2001-01",
    "2002-01",
    "2003-01",
    "2004-01",
    "2005-01",
    "2006-01",
    "2007-01",
    "2008-01",
    "2009-01",
    "2010-01",
    "2011-01",
    "2012-01",
    "2013-01",
    "2014-01",
    "2015-01",
    "2016-01",
    "2017-01",
    "2018-01",
    "2019-01",
    "2020-01",
    "2021-01",
    "2022-01",
    "TTM"
  ],
  "Revenue": [
    55985.0,
    67985.0,
    83412.0,
    94773.0,
    106178.0,
    119299.0,
    139208.0,
    166809.0,
    193116.0,
    205823.0,
    231577.0,
    258681.0,
    284310.0,
    312101.0,
    348368.0,
    377023.0,
    404254.0,
    408085.0,
    421849.0,
    446509.0,
    468651.0,
    476294.0,
    485651.0,
    482130.0,
    485873.0,
    500343.0,
    514405.0,
    523964.0,
    559151.0,
    572754.0,
    587824.0
  ],
  "Net Income": [
    1995.0,
    2333.0,
    2681.0,
    2740.0,
    3056.0,
    3526.0,
    4430.0,
    5575.0,
    6295.0,
    6592.0,
    7955.0,
    9054.0,
    10267.0,
    11231.0,
    11284.0,
    12731.0,
    13381.0,
    14370.0,
    16389.0,
    15699.0,
    16999.0,
    16022.0,
    16363.0,
    14694.0,
    13643.0,
    9862.0,
    6670.0,
    14881.0,
    13510.0,
    13673.0,
    13870.0
  ]
}