{
  "Years": [
    "1993-09",
    "1994-07",
    "1995-07",
    "1996-07",
    "1997-07",
    "1998-07",
    "1999-07",
    "2000-07",
    "2001-07",
    "2002-07",
    "2003-07",
    "2004-07",
    "2005-07",
    "2006-07",
    "2007-07",
    "2008-07",
    "2009-07",
    "2010-07",
    "2011-07",
    "2012-07",
    "2013-07",
    "2014-07",
    "2015-07",
    "2016-07",
    "2017-07",
    "2018-07",
    "2019-07",
    "2020-07",
    "2021-07",
    "TTM"
  ],
  "Revenue": [
    121.4,
    194.1,
    395.7,
    538.6,
    598.9,
    592.7,
    847.6,
    1093.825,
    1261.461,
    1312.228,
    1597.071,
    1802.224,
    1993.103,
    2293.01,
    2672.947,
    2993.0,
    3109.0,
    3403.0,
    3449.0,
    3808.0,
    3946.0,
    4243.0,
    4192.0,
    4694.0,
    5196.0,
    6025.0,
    6784.0,
    7679.0,
    9633.0,
    12873.0
  ],
  "Net Income": [
    8.4,
    -176.3,
    -45.4,
    -20.7,
    68.3,
    -12.2,
    376.5,
    305.661,
    -82.793,
    140.16,
    343.034,
    317.03,
    381.627,
    416.963,
    440.003,
    477.0,
    447.0,
    574.0,
    634.0,
    792.0,
    858.0,
    907.0,
    365.0,
    979.0,
    985.0,
    1329.0,
    1557.0,
    1826.0,
    2062.0,
    2502.0
  ]
}