{
  "Years": [
    "1992-05",
    "1993-05",
    "1994-05",
    "1995-05",
    "1996-05",
    "1997-05",
    "1998-05",
    "1999-05",
    "2000-05",
    "2001-05",
    "2002-05",
    "2003-05",
    "2004-05",
    "2005-05",
    "2006-05",
    "2007-05",
    "2008-05",
    "2009-05",
    "2010-05",
    "2011-05",
    "2012-05",
    "2013-05",
    "2014-05",
    "2015-05",
    "2016-05",
    "2017-05",
    "2018-05",
    "2019-05",
    "2020-05",
    "2021-05",
    "TTM"
  ],
  "Revenue": [
    161.3,
    190.0,
    224.1,
    267.2,
    566.4,
    734.7,
    493.704,
    597.296,
    728.119,
    869.857,
    954.91,
    1046.029,
    1294.347,
    1445.143,
    1674.596,
    1886.964,
    1934.536,
    2007.305,
    2000.8,
    2084.3,
    2229.8,
    2326.2,
    2518.9,
    2739.6,
    2951.9,
    3153.0,
    3377.7,
    3772.5,
    4040.5,
    4056.8,
    4496.6
  ],
  "Net Income": [
    13.7,
    20.0,
    28.1,
    39.0,
    55.0,
    75.2,
    102.219,
    139.099,
    190.007,
    254.869,
    274.531,
    293.452,
    302.95,
    368.849,
    464.914,
    515.447,
    576.145,
    533.545,
    477.0,
    515.3,
    548.0,
    569.0,
    627.5,
    674.9,
    756.8,
    826.3,
    994.1,
    1034.4,
    1098.1,
    1097.5,
    1359.4
  ]
}